@misc{cses,
  author = {},
  title = {CSES},
  howpublished = {\url{https://cses.fi/}},
  year = {},
  note = {[Accessed 02-11-2024]},
}
